<?xml version="1.0" encoding="UTF-8"?>
<record xmlns="http://www.loc.gov/MARC21/slim">
  <leader>03123ntm a22004337a 4500</leader>
  <controlfield tag="001">3409354</controlfield>
  <controlfield tag="005">20090711022400.0</controlfield>
  <controlfield tag="008">090115s1836    xx            000 i eng d</controlfield>
  <datafield tag="033" ind1="0" ind2="0">
    <subfield code="a">18360606</subfield>
  </datafield>
  <datafield tag="035" ind1=" " ind2=" ">
    <subfield code="a">3409354</subfield>
  </datafield>
  <datafield tag="040" ind1=" " ind2=" ">
    <subfield code="a">BRL</subfield>
  </datafield>
  <datafield tag="099" ind1=" " ind2=" ">
    <subfield code="a">Ms.A.9.2 v.8, p.4 &amp; 5</subfield>
  </datafield>
  <datafield tag="100" ind1="1" ind2=" ">
    <subfield code="a">Weston, Deborah,</subfield>
    <subfield code="d">b.1814</subfield>
  </datafield>
  <datafield tag="245" ind1="1" ind2="0">
    <subfield code="a">[Letter to] Dear Anne</subfield>
    <subfield code="h">[manuscript].</subfield>
  </datafield>
  <datafield tag="260" ind1=" " ind2=" ">
    <subfield code="a">Boston, [Mass.],</subfield>
    <subfield code="c">Monday, [June] 6th, 1836.</subfield>
  </datafield>
  <datafield tag="300" ind1=" " ind2=" ">
    <subfield code="a">2 leaves (8 p.) ;</subfield>
    <subfield code="c">9 5/8 x 7 7/8 in.</subfield>
  </datafield>
  <datafield tag="500" ind1=" " ind2=" ">
    <subfield code="a">Holograph, signed.</subfield>
  </datafield>
  <datafield tag="500" ind1=" " ind2=" ">
    <subfield code="a">Deborah Weston mentions the death of Harriet Hunt, mail and papers for George Thompson, a new student named Rhodes, and a visit by Mr. &amp; Mrs. David Mack. Deborah refers to Garrison&apos;s troubles with Isaac Knapp. She identifies Sarah Thaxter as being the same person known as Sally Thaxter. Deborah gives a lot of family news. She says that Ellis Gray Loring&apos;s mother is the most talkative person she has every met. Mrs. Loring told her that Mr. &amp; Mrs. David Lee Child went to West Boylston. Deborah describes a baptism at Mr. Ides&apos; church. She talks about a notice of an anti-slavery meeting. She heard Henry B. Stanton&apos;s lecture. Mrs. A. Bronson Alcott reported on the popular reaction to the notice of the meeting. Rev. Samuel J. May spoke of abolition at a church. He told the story of Mary Smith, a black woman, who was shipwrecked and later returned to Massachusetts by the state of North Carolina. Theodore S. Wright and Henry B. Stanton also spoke. Deborah criticizes Stanton&apos;s speech. Stanton praised &quot;Right and Wrong [in Boston].&quot; Zebedee Cook and Henry Rice berated the sexton of Dr. Channing&apos;s church for issuing a notice of an anti-slavery meeting. She tells about a hymnal ordered from Knopf, news of the Ammidon family, Rev. Samuel J. May, and the custards which came from Weymouth. In the postscript, Deborah writes that Mrs. Gilman is coming north to test the sincerity of the abolitionists.</subfield>
  </datafield>
  <datafield tag="500" ind1=" " ind2=" ">
    <subfield code="a">Also with the Call No. Ms.A.9.2 v.8, p.5, is a receipt: &quot;Received of Henry E. Benson Three 50/100 Dollars for services at the Anti-Slavery office the first week in Jan&apos;y 1836--$3.50.&quot; It is signed by &quot;Geo. L. L. Row.&quot;</subfield>
  </datafield>
  <datafield tag="600" ind1="1" ind2="0">
    <subfield code="a">Weston, Deborah,</subfield>
    <subfield code="d">b. 1814</subfield>
    <subfield code="v">Correspondence.</subfield>
  </datafield>
  <datafield tag="600" ind1="1" ind2="0">
    <subfield code="a">Weston, Anne Warren,</subfield>
    <subfield code="d">1812-1890</subfield>
    <subfield code="v">Correspondence.</subfield>
  </datafield>
  <datafield tag="600" ind1="1" ind2="0">
    <subfield code="a">Alcott, Abba May,</subfield>
    <subfield code="d">1800-1877.</subfield>
  </datafield>
  <datafield tag="600" ind1="1" ind2="0">
    <subfield code="a">Benson, Henry Egbert,</subfield>
    <subfield code="d">1814-1837.</subfield>
  </datafield>
  <datafield tag="600" ind1="1" ind2="0">
    <subfield code="a">Row, George L. L.</subfield>
  </datafield>
  <datafield tag="600" ind1="1" ind2="0">
    <subfield code="a">Child, David Lee,</subfield>
    <subfield code="d">1794-1874.</subfield>
  </datafield>
  <datafield tag="600" ind1="1" ind2="0">
    <subfield code="a">Child,</subfield>
    <subfield code="c">Mrs.</subfield>
    <subfield code="q">(Lydia Maria),</subfield>
    <subfield code="d">1802-1880.</subfield>
  </datafield>
  <datafield tag="600" ind1="1" ind2="0">
    <subfield code="a">Knapp, Isaac,</subfield>
    <subfield code="d">1804-1843.</subfield>
  </datafield>
  <datafield tag="600" ind1="1" ind2="0">
    <subfield code="a">Mack, David,</subfield>
    <subfield code="d">1804-1878.</subfield>
  </datafield>
  <datafield tag="600" ind1="1" ind2="0">
    <subfield code="a">Mack, Maria.</subfield>
  </datafield>
  <datafield tag="600" ind1="1" ind2="0">
    <subfield code="a">May, Samuel J.</subfield>
    <subfield code="q">(Samuel Joseph),</subfield>
    <subfield code="d">1797-1871.</subfield>
  </datafield>
  <datafield tag="600" ind1="1" ind2="0">
    <subfield code="a">Smith, Mary.</subfield>
  </datafield>
  <datafield tag="600" ind1="1" ind2="0">
    <subfield code="a">Stanton, Henry B.</subfield>
    <subfield code="q">(Henry Brewster),</subfield>
    <subfield code="d">1805-1887.</subfield>
  </datafield>
  <datafield tag="650" ind1=" " ind2="0">
    <subfield code="a">Antislavery movements</subfield>
    <subfield code="z">United States</subfield>
    <subfield code="x">History</subfield>
    <subfield code="y">19th century.</subfield>
  </datafield>
  <datafield tag="650" ind1=" " ind2="0">
    <subfield code="a">Women abolitionists</subfield>
    <subfield code="z">Massachusetts</subfield>
    <subfield code="z">Boston</subfield>
    <subfield code="y">19th century</subfield>
    <subfield code="v">Correspondence.</subfield>
  </datafield>
  <datafield tag="655" ind1=" " ind2="0">
    <subfield code="a">Letters.</subfield>
  </datafield>
  <datafield tag="655" ind1=" " ind2="0">
    <subfield code="a">Manuscripts.</subfield>
  </datafield>
  <datafield tag="700" ind1="1" ind2=" ">
    <subfield code="a">Weston, Anne Warren,</subfield>
    <subfield code="d">1812-1890,</subfield>
    <subfield code="e">recipient.</subfield>
  </datafield>
  <datafield tag="830" ind1=" " ind2="0">
    <subfield code="a">Deborah Weston Correspondence (1830-1879)</subfield>
  </datafield>
  <datafield tag="999" ind1=" " ind2=" ">
    <subfield code="a">shots: 10</subfield>
  </datafield>
</record>
